%YAML 1.1
%TAG !u! tag:unity3d.com,2011:
--- !u!29 &1
SceneSettings:
  m_ObjectHideFlags: 0
  m_PVSData: 
  m_PVSObjectsArray: []
  m_PVSPortalsArray: []
  m_OcclusionBakeSettings:
    smallestOccluder: 5
    smallestHole: .25
    backfaceThreshold: 100
--- !u!104 &2
RenderSettings:
  m_Fog: 0
  m_FogColor: {r: .5, g: .5, b: .5, a: 1}
  m_FogMode: 3
  m_FogDensity: .00999999978
  m_LinearFogStart: 0
  m_LinearFogEnd: 300
  m_AmbientLight: {r: .200000003, g: .200000003, b: .200000003, a: 1}
  m_SkyboxMaterial: {fileID: 0}
  m_HaloStrength: .5
  m_FlareStrength: 1
  m_FlareFadeSpeed: 3
  m_HaloTexture: {fileID: 0}
  m_SpotCookie: {fileID: 0}
  m_ObjectHideFlags: 0
--- !u!127 &3
LevelGameManager:
  m_ObjectHideFlags: 0
--- !u!157 &4
LightmapSettings:
  m_ObjectHideFlags: 0
  m_LightProbes: {fileID: 0}
  m_Lightmaps: []
  m_LightmapsMode: 1
  m_BakedColorSpace: 0
  m_UseDualLightmapsInForward: 0
  m_LightmapEditorSettings:
    m_Resolution: 50
    m_LastUsedResolution: 0
    m_TextureWidth: 1024
    m_TextureHeight: 1024
    m_BounceBoost: 1
    m_BounceIntensity: 1
    m_SkyLightColor: {r: .860000014, g: .930000007, b: 1, a: 1}
    m_SkyLightIntensity: 0
    m_Quality: 0
    m_Bounces: 1
    m_FinalGatherRays: 1000
    m_FinalGatherContrastThreshold: .0500000007
    m_FinalGatherGradientThreshold: 0
    m_FinalGatherInterpolationPoints: 15
    m_AOAmount: 0
    m_AOMaxDistance: .100000001
    m_AOContrast: 1
    m_LODSurfaceMappingDistance: 1
    m_Padding: 0
    m_TextureCompression: 0
    m_LockAtlas: 0
--- !u!196 &5
NavMeshSettings:
  m_ObjectHideFlags: 0
  m_BuildSettings:
    agentRadius: .5
    agentHeight: 2
    agentSlope: 45
    agentClimb: .400000006
    ledgeDropHeight: 0
    maxJumpAcrossDistance: 0
    accuratePlacement: 0
    minRegionArea: 2
    widthInaccuracy: 16.666666
    heightInaccuracy: 10
  m_NavMesh: {fileID: 0}
--- !u!1 &73059841
GameObject:
  m_ObjectHideFlags: 0
  m_PrefabParentObject: {fileID: 131180, guid: 03526ce453ff13d4d92a769fae9c882b, type: 2}
  m_PrefabInternal: {fileID: 770396778}
  serializedVersion: 4
  m_Component:
  - 4: {fileID: 73059844}
  - 61: {fileID: 73059843}
  - 114: {fileID: 73059842}
  m_Layer: 0
  m_Name: PlayerTrigger
  m_TagString: Untagged
  m_Icon: {fileID: 0}
  m_NavMeshLayer: 0
  m_StaticEditorFlags: 0
  m_IsActive: 1
--- !u!114 &73059842
MonoBehaviour:
  m_ObjectHideFlags: 0
  m_PrefabParentObject: {fileID: 11431180, guid: 03526ce453ff13d4d92a769fae9c882b,
    type: 2}
  m_PrefabInternal: {fileID: 770396778}
  m_GameObject: {fileID: 73059841}
  m_Enabled: 1
  m_EditorHideFlags: 0
  m_Script: {fileID: 11500000, guid: d2e9bca2f8c465143959dc89726e79a0, type: 3}
  m_Name: 
  m_EditorClassIdentifier: 
--- !u!61 &73059843
BoxCollider2D:
  m_ObjectHideFlags: 0
  m_PrefabParentObject: {fileID: 6131180, guid: 03526ce453ff13d4d92a769fae9c882b,
    type: 2}
  m_PrefabInternal: {fileID: 770396778}
  m_GameObject: {fileID: 73059841}
  m_Enabled: 1
  m_Material: {fileID: 0}
  m_IsTrigger: 1
  m_Size: {x: 1.13303828, y: 1.24736762}
  m_Center: {x: -.0083149178, y: -.123683825}
--- !u!4 &73059844
Transform:
  m_ObjectHideFlags: 0
  m_PrefabParentObject: {fileID: 431180, guid: 03526ce453ff13d4d92a769fae9c882b, type: 2}
  m_PrefabInternal: {fileID: 770396778}
  m_GameObject: {fileID: 73059841}
  m_LocalRotation: {x: 0, y: 0, z: 0, w: 1}
  m_LocalPosition: {x: 0, y: -.0460000001, z: 0}
  m_LocalScale: {x: 1.0625, y: .250000238, z: 1}
  m_Children: []
  m_Father: {fileID: 2075328635}
  m_RootOrder: 0
--- !u!1 &341635163
GameObject:
  m_ObjectHideFlags: 0
  m_PrefabParentObject: {fileID: 131180, guid: 03526ce453ff13d4d92a769fae9c882b, type: 2}
  m_PrefabInternal: {fileID: 1837207737}
  serializedVersion: 4
  m_Component:
  - 4: {fileID: 341635164}
  - 61: {fileID: 341635166}
  - 114: {fileID: 341635165}
  m_Layer: 0
  m_Name: PlayerTrigger
  m_TagString: Untagged
  m_Icon: {fileID: 0}
  m_NavMeshLayer: 0
  m_StaticEditorFlags: 0
  m_IsActive: 1
--- !u!4 &341635164
Transform:
  m_ObjectHideFlags: 0
  m_PrefabParentObject: {fileID: 431180, guid: 03526ce453ff13d4d92a769fae9c882b, type: 2}
  m_PrefabInternal: {fileID: 1837207737}
  m_GameObject: {fileID: 341635163}
  m_LocalRotation: {x: 0, y: 0, z: 0, w: 1}
  m_LocalPosition: {x: 0, y: -.0460000001, z: 0}
  m_LocalScale: {x: 1.0625, y: .250000238, z: 1}
  m_Children: []
  m_Father: {fileID: 1674807481}
  m_RootOrder: 0
--- !u!114 &341635165
MonoBehaviour:
  m_ObjectHideFlags: 0
  m_PrefabParentObject: {fileID: 11431180, guid: 03526ce453ff13d4d92a769fae9c882b,
    type: 2}
  m_PrefabInternal: {fileID: 1837207737}
  m_GameObject: {fileID: 341635163}
  m_Enabled: 1
  m_EditorHideFlags: 0
  m_Script: {fileID: 11500000, guid: d2e9bca2f8c465143959dc89726e79a0, type: 3}
  m_Name: 
  m_EditorClassIdentifier: 
--- !u!61 &341635166
BoxCollider2D:
  m_ObjectHideFlags: 0
  m_PrefabParentObject: {fileID: 6131180, guid: 03526ce453ff13d4d92a769fae9c882b,
    type: 2}
  m_PrefabInternal: {fileID: 1837207737}
  m_GameObject: {fileID: 341635163}
  m_Enabled: 1
  m_Material: {fileID: 0}
  m_IsTrigger: 1
  m_Size: {x: 1.13303828, y: 1.24736762}
  m_Center: {x: -.0083149178, y: -.123683825}
--- !u!1 &343376406
GameObject:
  m_ObjectHideFlags: 0
  m_PrefabParentObject: {fileID: 131182, guid: 03526ce453ff13d4d92a769fae9c882b, type: 2}
  m_PrefabInternal: {fileID: 900571536}
  serializedVersion: 4
  m_Component:
  - 4: {fileID: 343376410}
  - 212: {fileID: 343376409}
  - 61: {fileID: 343376408}
  - 50: {fileID: 343376407}
  m_Layer: 0
  m_Name: Platform
  m_TagString: Platform
  m_Icon: {fileID: 0}
  m_NavMeshLayer: 0
  m_StaticEditorFlags: 0
  m_IsActive: 1
--- !u!50 &343376407
Rigidbody2D:
  m_ObjectHideFlags: 0
  m_PrefabParentObject: {fileID: 5031178, guid: 03526ce453ff13d4d92a769fae9c882b,
    type: 2}
  m_PrefabInternal: {fileID: 900571536}
  m_GameObject: {fileID: 343376406}
  m_Mass: 1
  m_LinearDrag: 0
  m_AngularDrag: .0500000007
  m_GravityScale: 0
  m_FixedAngle: 1
  m_IsKinematic: 1
  m_Interpolate: 0
  m_SleepingMode: 1
  m_CollisionDetection: 0
--- !u!61 &343376408
BoxCollider2D:
  m_ObjectHideFlags: 0
  m_PrefabParentObject: {fileID: 6131182, guid: 03526ce453ff13d4d92a769fae9c882b,
    type: 2}
  m_PrefabInternal: {fileID: 900571536}
  m_GameObject: {fileID: 343376406}
  m_Enabled: 1
  m_Material: {fileID: 0}
  m_IsTrigger: 0
  m_Size: {x: 1, y: .25}
  m_Center: {x: 0, y: 0}
--- !u!212 &343376409
SpriteRenderer:
  m_ObjectHideFlags: 0
  m_PrefabParentObject: {fileID: 21231178, guid: 03526ce453ff13d4d92a769fae9c882b,
    type: 2}
  m_PrefabInternal: {fileID: 900571536}
  m_GameObject: {fileID: 343376406}
  m_Enabled: 1
  m_CastShadows: 0
  m_ReceiveShadows: 0
  m_LightmapIndex: 255
  m_LightmapTilingOffset: {x: 1, y: 1, z: 0, w: 0}
  m_Materials:
  - {fileID: 10754, guid: 0000000000000000e000000000000000, type: 0}
  m_SubsetIndices: 
  m_StaticBatchRoot: {fileID: 0}
  m_UseLightProbes: 0
  m_LightProbeAnchor: {fileID: 0}
  m_ScaleInLightmap: 1
  m_SortingLayerID: 0
  m_SortingOrder: 0
  m_Sprite: {fileID: 21300000, guid: 0215103acecc3804bbf7f1848d3623b9, type: 3}
  m_Color: {r: 1, g: 1, b: 1, a: 1}
--- !u!4 &343376410
Transform:
  m_ObjectHideFlags: 0
  m_PrefabParentObject: {fileID: 431182, guid: 03526ce453ff13d4d92a769fae9c882b, type: 2}
  m_PrefabInternal: {fileID: 900571536}
  m_GameObject: {fileID: 343376406}
  m_LocalRotation: {x: 0, y: 0, z: 0, w: 1}
  m_LocalPosition: {x: -2.50379348, y: -2.1698935, z: 0}
  m_LocalScale: {x: 1, y: 1, z: 1}
  m_Children:
  - {fileID: 2065700240}
  - {fileID: 2004301469}
  m_Father: {fileID: 0}
  m_RootOrder: 1
--- !u!1 &418605633
GameObject:
  m_ObjectHideFlags: 0
  m_PrefabParentObject: {fileID: 131178, guid: 03526ce453ff13d4d92a769fae9c882b, type: 2}
  m_PrefabInternal: {fileID: 770396778}
  serializedVersion: 4
  m_Component:
  - 4: {fileID: 418605634}
  - 61: {fileID: 418605636}
  - 114: {fileID: 418605635}
  m_Layer: 0
  m_Name: PaintTrigger
  m_TagString: Untagged
  m_Icon: {fileID: 0}
  m_NavMeshLayer: 0
  m_StaticEditorFlags: 0
  m_IsActive: 1
--- !u!4 &418605634
Transform:
  m_ObjectHideFlags: 0
  m_PrefabParentObject: {fileID: 431178, guid: 03526ce453ff13d4d92a769fae9c882b, type: 2}
  m_PrefabInternal: {fileID: 770396778}
  m_GameObject: {fileID: 418605633}
  m_LocalRotation: {x: 0, y: 0, z: 0, w: 1}
  m_LocalPosition: {x: 0, y: 0, z: 0}
  m_LocalScale: {x: 1, y: 1, z: 1}
  m_Children: []
  m_Father: {fileID: 2075328635}
  m_RootOrder: 1
--- !u!114 &418605635
MonoBehaviour:
  m_ObjectHideFlags: 0
  m_PrefabParentObject: {fileID: 11431178, guid: 03526ce453ff13d4d92a769fae9c882b,
    type: 2}
  m_PrefabInternal: {fileID: 770396778}
  m_GameObject: {fileID: 418605633}
  m_Enabled: 1
  m_EditorHideFlags: 0
  m_Script: {fileID: 11500000, guid: 4fa296a4411ad6b41ab852bbefe50ff2, type: 3}
  m_Name: 
  m_EditorClassIdentifier: 
  splatTexture: {fileID: 123902, guid: 739d514dbe370ac40bede4e7b42eaa98, type: 2}
--- !u!61 &418605636
BoxCollider2D:
  m_ObjectHideFlags: 0
  m_PrefabParentObject: {fileID: 6131178, guid: 03526ce453ff13d4d92a769fae9c882b,
    type: 2}
  m_PrefabInternal: {fileID: 770396778}
  m_GameObject: {fileID: 418605633}
  m_Enabled: 1
  m_Material: {fileID: 0}
  m_IsTrigger: 1
  m_Size: {x: 1, y: .284398556}
  m_Center: {x: 0, y: .00441718102}
--- !u!1001 &485722888
Prefab:
  m_ObjectHideFlags: 0
  serializedVersion: 2
  m_Modification:
    m_TransformParent: {fileID: 0}
    m_Modifications:
    - target: {fileID: 431182, guid: 03526ce453ff13d4d92a769fae9c882b, type: 2}
      propertyPath: m_LocalPosition.x
      value: -5.54270172
      objectReference: {fileID: 0}
    - target: {fileID: 431182, guid: 03526ce453ff13d4d92a769fae9c882b, type: 2}
      propertyPath: m_LocalPosition.y
      value: -1.79847145
      objectReference: {fileID: 0}
    - target: {fileID: 431182, guid: 03526ce453ff13d4d92a769fae9c882b, type: 2}
      propertyPath: m_LocalPosition.z
      value: 0
      objectReference: {fileID: 0}
    - target: {fileID: 431182, guid: 03526ce453ff13d4d92a769fae9c882b, type: 2}
      propertyPath: m_LocalRotation.x
      value: 0
      objectReference: {fileID: 0}
    - target: {fileID: 431182, guid: 03526ce453ff13d4d92a769fae9c882b, type: 2}
      propertyPath: m_LocalRotation.y
      value: 0
      objectReference: {fileID: 0}
    - target: {fileID: 431182, guid: 03526ce453ff13d4d92a769fae9c882b, type: 2}
      propertyPath: m_LocalRotation.z
      value: 0
      objectReference: {fileID: 0}
    - target: {fileID: 431182, guid: 03526ce453ff13d4d92a769fae9c882b, type: 2}
      propertyPath: m_LocalRotation.w
      value: 1
      objectReference: {fileID: 0}
    - target: {fileID: 431182, guid: 03526ce453ff13d4d92a769fae9c882b, type: 2}
      propertyPath: m_RootOrder
      value: 3
      objectReference: {fileID: 0}
    m_RemovedComponents: []
  m_ParentPrefab: {fileID: 100100000, guid: 03526ce453ff13d4d92a769fae9c882b, type: 2}
  m_RootGameObject: {fileID: 1733686723}
  m_IsPrefabParent: 0
  m_IsExploded: 1
--- !u!1 &693693539
GameObject:
  m_ObjectHideFlags: 0
  m_PrefabParentObject: {fileID: 131178, guid: 03526ce453ff13d4d92a769fae9c882b, type: 2}
  m_PrefabInternal: {fileID: 485722888}
  serializedVersion: 4
  m_Component:
  - 4: {fileID: 693693540}
  - 61: {fileID: 693693542}
  - 114: {fileID: 693693541}
  m_Layer: 0
  m_Name: PaintTrigger
  m_TagString: Untagged
  m_Icon: {fileID: 0}
  m_NavMeshLayer: 0
  m_StaticEditorFlags: 0
  m_IsActive: 1
--- !u!4 &693693540
Transform:
  m_ObjectHideFlags: 0
  m_PrefabParentObject: {fileID: 431178, guid: 03526ce453ff13d4d92a769fae9c882b, type: 2}
  m_PrefabInternal: {fileID: 485722888}
  m_GameObject: {fileID: 693693539}
  m_LocalRotation: {x: 0, y: 0, z: 0, w: 1}
  m_LocalPosition: {x: 0, y: 0, z: 0}
  m_LocalScale: {x: 1, y: 1, z: 1}
  m_Children: []
  m_Father: {fileID: 1733686724}
  m_RootOrder: 1
--- !u!114 &693693541
MonoBehaviour:
  m_ObjectHideFlags: 0
  m_PrefabParentObject: {fileID: 11431178, guid: 03526ce453ff13d4d92a769fae9c882b,
    type: 2}
  m_PrefabInternal: {fileID: 485722888}
  m_GameObject: {fileID: 693693539}
  m_Enabled: 1
  m_EditorHideFlags: 0
  m_Script: {fileID: 11500000, guid: 4fa296a4411ad6b41ab852bbefe50ff2, type: 3}
  m_Name: 
  m_EditorClassIdentifier: 
  splatTexture: {fileID: 123902, guid: 739d514dbe370ac40bede4e7b42eaa98, type: 2}
--- !u!61 &693693542
BoxCollider2D:
  m_ObjectHideFlags: 0
  m_PrefabParentObject: {fileID: 6131178, guid: 03526ce453ff13d4d92a769fae9c882b,
    type: 2}
  m_PrefabInternal: {fileID: 485722888}
  m_GameObject: {fileID: 693693539}
  m_Enabled: 1
  m_Material: {fileID: 0}
  m_IsTrigger: 1
  m_Size: {x: 1, y: .284398556}
  m_Center: {x: 0, y: .00441718102}
--- !u!1001 &770396778
Prefab:
  m_ObjectHideFlags: 0
  serializedVersion: 2
  m_Modification:
    m_TransformParent: {fileID: 0}
    m_Modifications:
    - target: {fileID: 431182, guid: 03526ce453ff13d4d92a769fae9c882b, type: 2}
      propertyPath: m_LocalPosition.x
      value: .771475136
      objectReference: {fileID: 0}
    - target: {fileID: 431182, guid: 03526ce453ff13d4d92a769fae9c882b, type: 2}
      propertyPath: m_LocalPosition.y
      value: -1.89976859
      objectReference: {fileID: 0}
    - target: {fileID: 431182, guid: 03526ce453ff13d4d92a769fae9c882b, type: 2}
      propertyPath: m_LocalPosition.z
      value: 0
      objectReference: {fileID: 0}
    - target: {fileID: 431182, guid: 03526ce453ff13d4d92a769fae9c882b, type: 2}
      propertyPath: m_LocalRotation.x
      value: 0
      objectReference: {fileID: 0}
    - target: {fileID: 431182, guid: 03526ce453ff13d4d92a769fae9c882b, type: 2}
      propertyPath: m_LocalRotation.y
      value: 0
      objectReference: {fileID: 0}
    - target: {fileID: 431182, guid: 03526ce453ff13d4d92a769fae9c882b, type: 2}
      propertyPath: m_LocalRotation.z
      value: 0
      objectReference: {fileID: 0}
    - target: {fileID: 431182, guid: 03526ce453ff13d4d92a769fae9c882b, type: 2}
      propertyPath: m_LocalRotation.w
      value: 1
      objectReference: {fileID: 0}
    - target: {fileID: 431182, guid: 03526ce453ff13d4d92a769fae9c882b, type: 2}
      propertyPath: m_RootOrder
      value: 2
      objectReference: {fileID: 0}
    m_RemovedComponents: []
  m_ParentPrefab: {fileID: 100100000, guid: 03526ce453ff13d4d92a769fae9c882b, type: 2}
  m_RootGameObject: {fileID: 2075328634}
  m_IsPrefabParent: 0
  m_IsExploded: 1
--- !u!1001 &891756096
Prefab:
  m_ObjectHideFlags: 0
  serializedVersion: 2
  m_Modification:
    m_TransformParent: {fileID: 0}
    m_Modifications:
    - target: {fileID: 499804, guid: ebb4db2594cb1a14da71c334c6efef42, type: 2}
      propertyPath: m_LocalPosition.x
      value: 0
      objectReference: {fileID: 0}
    - target: {fileID: 499804, guid: ebb4db2594cb1a14da71c334c6efef42, type: 2}
      propertyPath: m_LocalPosition.y
      value: 0
      objectReference: {fileID: 0}
    - target: {fileID: 499804, guid: ebb4db2594cb1a14da71c334c6efef42, type: 2}
      propertyPath: m_LocalPosition.z
      value: 0
      objectReference: {fileID: 0}
    - target: {fileID: 499804, guid: ebb4db2594cb1a14da71c334c6efef42, type: 2}
      propertyPath: m_LocalRotation.x
      value: 0
      objectReference: {fileID: 0}
    - target: {fileID: 499804, guid: ebb4db2594cb1a14da71c334c6efef42, type: 2}
      propertyPath: m_LocalRotation.y
      value: 0
      objectReference: {fileID: 0}
    - target: {fileID: 499804, guid: ebb4db2594cb1a14da71c334c6efef42, type: 2}
      propertyPath: m_LocalRotation.z
      value: 0
      objectReference: {fileID: 0}
    - target: {fileID: 499804, guid: ebb4db2594cb1a14da71c334c6efef42, type: 2}
      propertyPath: m_LocalRotation.w
      value: 1
      objectReference: {fileID: 0}
    - target: {fileID: 499804, guid: ebb4db2594cb1a14da71c334c6efef42, type: 2}
      propertyPath: m_RootOrder
      value: 3
      objectReference: {fileID: 0}
    m_RemovedComponents: []
  m_ParentPrefab: {fileID: 100100000, guid: ebb4db2594cb1a14da71c334c6efef42, type: 2}
  m_RootGameObject: {fileID: 976417410}
  m_IsPrefabParent: 0
  m_IsExploded: 1
--- !u!1 &893331652
GameObject:
  m_ObjectHideFlags: 0
  m_PrefabParentObject: {fileID: 192572, guid: f68a7af552d10764580f9424476d9e56, type: 2}
  m_PrefabInternal: {fileID: 1689550677}
  serializedVersion: 4
  m_Component:
  - 4: {fileID: 893331654}
  - 114: {fileID: 893331653}
  m_Layer: 0
  m_Name: SplatGenerator
  m_TagString: Untagged
  m_Icon: {fileID: 0}
  m_NavMeshLayer: 0
  m_StaticEditorFlags: 0
  m_IsActive: 1
--- !u!114 &893331653
MonoBehaviour:
  m_ObjectHideFlags: 0
  m_PrefabParentObject: {fileID: 11492572, guid: f68a7af552d10764580f9424476d9e56,
    type: 2}
  m_PrefabInternal: {fileID: 1689550677}
  m_GameObject: {fileID: 893331652}
  m_Enabled: 1
  m_EditorHideFlags: 0
  m_Script: {fileID: 11500000, guid: ca38e9cabbbbb984c87270fb1b221860, type: 3}
  m_Name: 
  m_EditorClassIdentifier: 
  splatTexture: {fileID: 123902, guid: 739d514dbe370ac40bede4e7b42eaa98, type: 2}
  paint: {fileID: 0}
--- !u!4 &893331654
Transform:
  m_ObjectHideFlags: 0
  m_PrefabParentObject: {fileID: 492572, guid: f68a7af552d10764580f9424476d9e56, type: 2}
  m_PrefabInternal: {fileID: 1689550677}
  m_GameObject: {fileID: 893331652}
  m_LocalRotation: {x: 0, y: 0, z: 0, w: 1}
  m_LocalPosition: {x: .771475196, y: 1.74692214, z: .03125}
  m_LocalScale: {x: 1, y: 1, z: 1}
  m_Children: []
  m_Father: {fileID: 0}
  m_RootOrder: 6
--- !u!1001 &900571536
Prefab:
  m_ObjectHideFlags: 0
  serializedVersion: 2
  m_Modification:
    m_TransformParent: {fileID: 0}
    m_Modifications:
    - target: {fileID: 431182, guid: 03526ce453ff13d4d92a769fae9c882b, type: 2}
      propertyPath: m_LocalPosition.x
      value: -2.50379348
      objectReference: {fileID: 0}
    - target: {fileID: 431182, guid: 03526ce453ff13d4d92a769fae9c882b, type: 2}
      propertyPath: m_LocalPosition.y
      value: -2.1698935
      objectReference: {fileID: 0}
    - target: {fileID: 431182, guid: 03526ce453ff13d4d92a769fae9c882b, type: 2}
      propertyPath: m_LocalPosition.z
      value: 0
      objectReference: {fileID: 0}
    - target: {fileID: 431182, guid: 03526ce453ff13d4d92a769fae9c882b, type: 2}
      propertyPath: m_LocalRotation.x
      value: 0
      objectReference: {fileID: 0}
    - target: {fileID: 431182, guid: 03526ce453ff13d4d92a769fae9c882b, type: 2}
      propertyPath: m_LocalRotation.y
      value: 0
      objectReference: {fileID: 0}
    - target: {fileID: 431182, guid: 03526ce453ff13d4d92a769fae9c882b, type: 2}
      propertyPath: m_LocalRotation.z
      value: 0
      objectReference: {fileID: 0}
    - target: {fileID: 431182, guid: 03526ce453ff13d4d92a769fae9c882b, type: 2}
      propertyPath: m_LocalRotation.w
      value: 1
      objectReference: {fileID: 0}
    - target: {fileID: 431182, guid: 03526ce453ff13d4d92a769fae9c882b, type: 2}
      propertyPath: m_RootOrder
      value: 1
      objectReference: {fileID: 0}
    m_RemovedComponents: []
  m_ParentPrefab: {fileID: 100100000, guid: 03526ce453ff13d4d92a769fae9c882b, type: 2}
  m_RootGameObject: {fileID: 343376406}
  m_IsPrefabParent: 0
  m_IsExploded: 1
--- !u!1 &969095587
GameObject:
  m_ObjectHideFlags: 0
  m_PrefabParentObject: {fileID: 0}
  m_PrefabInternal: {fileID: 0}
  serializedVersion: 4
  m_Component:
  - 4: {fileID: 969095592}
  - 20: {fileID: 969095591}
  - 92: {fileID: 969095590}
  - 124: {fileID: 969095589}
  - 81: {fileID: 969095588}
  m_Layer: 0
  m_Name: Main Camera
  m_TagString: MainCamera
  m_Icon: {fileID: 0}
  m_NavMeshLayer: 0
  m_StaticEditorFlags: 0
  m_IsActive: 1
--- !u!81 &969095588
AudioListener:
  m_ObjectHideFlags: 0
  m_PrefabParentObject: {fileID: 0}
  m_PrefabInternal: {fileID: 0}
  m_GameObject: {fileID: 969095587}
  m_Enabled: 1
--- !u!124 &969095589
Behaviour:
  m_ObjectHideFlags: 0
  m_PrefabParentObject: {fileID: 0}
  m_PrefabInternal: {fileID: 0}
  m_GameObject: {fileID: 969095587}
  m_Enabled: 1
--- !u!92 &969095590
Behaviour:
  m_ObjectHideFlags: 0
  m_PrefabParentObject: {fileID: 0}
  m_PrefabInternal: {fileID: 0}
  m_GameObject: {fileID: 969095587}
  m_Enabled: 1
--- !u!20 &969095591
Camera:
  m_ObjectHideFlags: 0
  m_PrefabParentObject: {fileID: 0}
  m_PrefabInternal: {fileID: 0}
  m_GameObject: {fileID: 969095587}
  m_Enabled: 1
  serializedVersion: 2
  m_ClearFlags: 1
  m_BackGroundColor: {r: .192156866, g: .301960796, b: .474509805, a: .0196078438}
  m_NormalizedViewPortRect:
    serializedVersion: 2
    x: 0
    y: 0
    width: 1
    height: 1
  near clip plane: .300000012
  far clip plane: 1000
  field of view: 60
  orthographic: 1
  orthographic size: 5
  m_Depth: -1
  m_CullingMask:
    serializedVersion: 2
    m_Bits: 4294967295
  m_RenderingPath: -1
  m_TargetTexture: {fileID: 0}
  m_TargetDisplay: 0
  m_HDR: 0
  m_OcclusionCulling: 1
  m_StereoConvergence: 10
  m_StereoSeparation: .0219999999
--- !u!4 &969095592
Transform:
  m_ObjectHideFlags: 0
  m_PrefabParentObject: {fileID: 0}
  m_PrefabInternal: {fileID: 0}
  m_GameObject: {fileID: 969095587}
  m_LocalRotation: {x: 0, y: 0, z: 0, w: 1}
  m_LocalPosition: {x: .0700000003, y: -.140000001, z: -10}
  m_LocalScale: {x: 1, y: 1, z: 1}
  m_Children: []
  m_Father: {fileID: 0}
  m_RootOrder: 7
--- !u!1 &976417410
GameObject:
  m_ObjectHideFlags: 0
  m_PrefabParentObject: {fileID: 199804, guid: ebb4db2594cb1a14da71c334c6efef42, type: 2}
  m_PrefabInternal: {fileID: 891756096}
  serializedVersion: 4
  m_Component:
  - 4: {fileID: 976417414}
  - 212: {fileID: 976417413}
  - 114: {fileID: 976417412}
  - 114: {fileID: 976417411}
  m_Layer: 0
  m_Name: Fairy
  m_TagString: Untagged
  m_Icon: {fileID: 0}
  m_NavMeshLayer: 0
  m_StaticEditorFlags: 0
  m_IsActive: 1
--- !u!114 &976417411
MonoBehaviour:
  m_ObjectHideFlags: 0
  m_PrefabParentObject: {fileID: 11498362, guid: ebb4db2594cb1a14da71c334c6efef42,
    type: 2}
  m_PrefabInternal: {fileID: 891756096}
  m_GameObject: {fileID: 976417410}
  m_Enabled: 1
  m_EditorHideFlags: 0
  m_Script: {fileID: 11500000, guid: 4bb1b6a8b269ab94ca4c271149f96453, type: 3}
  m_Name: 
  m_EditorClassIdentifier: 
  paint: {fileID: 139268, guid: c333781ef4198884e9401c5dd12b9a33, type: 2}
--- !u!114 &976417412
MonoBehaviour:
  m_ObjectHideFlags: 0
  m_PrefabParentObject: {fileID: 11470478, guid: ebb4db2594cb1a14da71c334c6efef42,
    type: 2}
  m_PrefabInternal: {fileID: 891756096}
  m_GameObject: {fileID: 976417410}
  m_Enabled: 1
  m_EditorHideFlags: 0
  m_Script: {fileID: 11500000, guid: 93082ccb2e1a5e94f999283e1987c9fa, type: 3}
  m_Name: 
  m_EditorClassIdentifier: 
  speed: 0
--- !u!212 &976417413
SpriteRenderer:
  m_ObjectHideFlags: 0
  m_PrefabParentObject: {fileID: 21299804, guid: ebb4db2594cb1a14da71c334c6efef42,
    type: 2}
  m_PrefabInternal: {fileID: 891756096}
  m_GameObject: {fileID: 976417410}
  m_Enabled: 1
  m_CastShadows: 0
  m_ReceiveShadows: 0
  m_LightmapIndex: 255
  m_LightmapTilingOffset: {x: 1, y: 1, z: 0, w: 0}
  m_Materials:
  - {fileID: 10754, guid: 0000000000000000e000000000000000, type: 0}
  m_SubsetIndices: 
  m_StaticBatchRoot: {fileID: 0}
  m_UseLightProbes: 0
  m_LightProbeAnchor: {fileID: 0}
  m_ScaleInLightmap: 1
  m_SortingLayerID: 0
  m_SortingOrder: 0
  m_Sprite: {fileID: 10905, guid: 0000000000000000f000000000000000, type: 0}
  m_Color: {r: .18787846, g: .745916247, b: 1, a: 1}
--- !u!4 &976417414
Transform:
  m_ObjectHideFlags: 0
  m_PrefabParentObject: {fileID: 499804, guid: ebb4db2594cb1a14da71c334c6efef42, type: 2}
  m_PrefabInternal: {fileID: 891756096}
  m_GameObject: {fileID: 976417410}
  m_LocalRotation: {x: 0, y: 0, z: 0, w: 1}
  m_LocalPosition: {x: 0, y: 0, z: 0}
  m_LocalScale: {x: 3, y: 3, z: 1}
  m_Children: []
  m_Father: {fileID: 0}
  m_RootOrder: 5
--- !u!1 &1284381494
GameObject:
  m_ObjectHideFlags: 0
  m_PrefabParentObject: {fileID: 131178, guid: 03526ce453ff13d4d92a769fae9c882b, type: 2}
  m_PrefabInternal: {fileID: 1837207737}
  serializedVersion: 4
  m_Component:
  - 4: {fileID: 1284381497}
  - 61: {fileID: 1284381496}
  - 114: {fileID: 1284381495}
  m_Layer: 0
  m_Name: PaintTrigger
  m_TagString: Untagged
  m_Icon: {fileID: 0}
  m_NavMeshLayer: 0
  m_StaticEditorFlags: 0
  m_IsActive: 1
--- !u!114 &1284381495
MonoBehaviour:
  m_ObjectHideFlags: 0
  m_PrefabParentObject: {fileID: 11431178, guid: 03526ce453ff13d4d92a769fae9c882b,
    type: 2}
  m_PrefabInternal: {fileID: 1837207737}
  m_GameObject: {fileID: 1284381494}
  m_Enabled: 1
  m_EditorHideFlags: 0
  m_Script: {fileID: 11500000, guid: 4fa296a4411ad6b41ab852bbefe50ff2, type: 3}
  m_Name: 
  m_EditorClassIdentifier: 
  splatTexture: {fileID: 123902, guid: 739d514dbe370ac40bede4e7b42eaa98, type: 2}
--- !u!61 &1284381496
BoxCollider2D:
  m_ObjectHideFlags: 0
  m_PrefabParentObject: {fileID: 6131178, guid: 03526ce453ff13d4d92a769fae9c882b,
    type: 2}
  m_PrefabInternal: {fileID: 1837207737}
  m_GameObject: {fileID: 1284381494}
  m_Enabled: 1
  m_Material: {fileID: 0}
  m_IsTrigger: 1
  m_Size: {x: 1, y: .284398556}
  m_Center: {x: 0, y: .00441718102}
--- !u!4 &1284381497
Transform:
  m_ObjectHideFlags: 0
  m_PrefabParentObject: {fileID: 431178, guid: 03526ce453ff13d4d92a769fae9c882b, type: 2}
  m_PrefabInternal: {fileID: 1837207737}
  m_GameObject: {fileID: 1284381494}
  m_LocalRotation: {x: 0, y: 0, z: 0, w: 1}
  m_LocalPosition: {x: 0, y: 0, z: 0}
  m_LocalScale: {x: 1, y: 1, z: 1}
  m_Children: []
  m_Father: {fileID: 1674807481}
  m_RootOrder: 1
--- !u!1 &1597532255
GameObject:
  m_ObjectHideFlags: 0
  m_PrefabParentObject: {fileID: 131180, guid: 03526ce453ff13d4d92a769fae9c882b, type: 2}
  m_PrefabInternal: {fileID: 485722888}
  serializedVersion: 4
  m_Component:
  - 4: {fileID: 1597532258}
  - 61: {fileID: 1597532257}
  - 114: {fileID: 1597532256}
  m_Layer: 0
  m_Name: PlayerTrigger
  m_TagString: Untagged
  m_Icon: {fileID: 0}
  m_NavMeshLayer: 0
  m_StaticEditorFlags: 0
  m_IsActive: 1
--- !u!114 &1597532256
MonoBehaviour:
  m_ObjectHideFlags: 0
  m_PrefabParentObject: {fileID: 11431180, guid: 03526ce453ff13d4d92a769fae9c882b,
    type: 2}
  m_PrefabInternal: {fileID: 485722888}
  m_GameObject: {fileID: 1597532255}
  m_Enabled: 1
  m_EditorHideFlags: 0
  m_Script: {fileID: 11500000, guid: d2e9bca2f8c465143959dc89726e79a0, type: 3}
  m_Name: 
  m_EditorClassIdentifier: 
--- !u!61 &1597532257
BoxCollider2D:
  m_ObjectHideFlags: 0
  m_PrefabParentObject: {fileID: 6131180, guid: 03526ce453ff13d4d92a769fae9c882b,
    type: 2}
  m_PrefabInternal: {fileID: 485722888}
  m_GameObject: {fileID: 1597532255}
  m_Enabled: 1
  m_Material: {fileID: 0}
  m_IsTrigger: 1
  m_Size: {x: 1.13303828, y: 1.24736762}
  m_Center: {x: -.0083149178, y: -.123683825}
--- !u!4 &1597532258
Transform:
  m_ObjectHideFlags: 0
  m_PrefabParentObject: {fileID: 431180, guid: 03526ce453ff13d4d92a769fae9c882b, type: 2}
  m_PrefabInternal: {fileID: 485722888}
  m_GameObject: {fileID: 1597532255}
  m_LocalRotation: {x: 0, y: 0, z: 0, w: 1}
  m_LocalPosition: {x: 0, y: -.0460000001, z: 0}
  m_LocalScale: {x: 1.0625, y: .250000238, z: 1}
  m_Children: []
  m_Father: {fileID: 1733686724}
  m_RootOrder: 0
--- !u!1 &1632222902
GameObject:
  m_ObjectHideFlags: 0
  m_PrefabParentObject: {fileID: 115558, guid: bc62fe4fc1cf249478f334650ec62526, type: 2}
  m_PrefabInternal: {fileID: 2127914019}
  serializedVersion: 4
  m_Component:
  - 4: {fileID: 1632222907}
  - 212: {fileID: 1632222906}
  - 50: {fileID: 1632222905}
  - 114: {fileID: 1632222904}
  - 61: {fileID: 1632222903}
  m_Layer: 0
  m_Name: Player
  m_TagString: Player
  m_Icon: {fileID: 0}
  m_NavMeshLayer: 0
  m_StaticEditorFlags: 0
  m_IsActive: 1
--- !u!61 &1632222903
BoxCollider2D:
  m_ObjectHideFlags: 0
  m_PrefabParentObject: {fileID: 6115558, guid: bc62fe4fc1cf249478f334650ec62526,
    type: 2}
  m_PrefabInternal: {fileID: 2127914019}
  m_GameObject: {fileID: 1632222902}
  m_Enabled: 1
  m_Material: {fileID: 0}
  m_IsTrigger: 0
  m_Size: {x: .25, y: 1}
  m_Center: {x: 0, y: 0}
--- !u!114 &1632222904
MonoBehaviour:
  m_ObjectHideFlags: 0
  m_PrefabParentObject: {fileID: 11415558, guid: bc62fe4fc1cf249478f334650ec62526,
    type: 2}
  m_PrefabInternal: {fileID: 2127914019}
  m_GameObject: {fileID: 1632222902}
  m_Enabled: 1
  m_EditorHideFlags: 0
  m_Script: {fileID: 11500000, guid: c9f485b23475d504284d934e9c99711a, type: 3}
  m_Name: 
  m_EditorClassIdentifier: 
--- !u!50 &1632222905
Rigidbody2D:
  m_ObjectHideFlags: 0
  m_PrefabParentObject: {fileID: 5015558, guid: bc62fe4fc1cf249478f334650ec62526,
    type: 2}
  m_PrefabInternal: {fileID: 2127914019}
  m_GameObject: {fileID: 1632222902}
  m_Mass: 1
  m_LinearDrag: 0
  m_AngularDrag: .0500000007
  m_GravityScale: 1
  m_FixedAngle: 1
  m_IsKinematic: 0
  m_Interpolate: 0
  m_SleepingMode: 1
  m_CollisionDetection: 0
--- !u!212 &1632222906
SpriteRenderer:
  m_ObjectHideFlags: 0
  m_PrefabParentObject: {fileID: 21215558, guid: bc62fe4fc1cf249478f334650ec62526,
    type: 2}
  m_PrefabInternal: {fileID: 2127914019}
  m_GameObject: {fileID: 1632222902}
  m_Enabled: 1
  m_CastShadows: 0
  m_ReceiveShadows: 0
  m_LightmapIndex: 255
  m_LightmapTilingOffset: {x: 1, y: 1, z: 0, w: 0}
  m_Materials:
  - {fileID: 10754, guid: 0000000000000000e000000000000000, type: 0}
  m_SubsetIndices: 
  m_StaticBatchRoot: {fileID: 0}
  m_UseLightProbes: 0
  m_LightProbeAnchor: {fileID: 0}
  m_ScaleInLightmap: 1
  m_SortingLayerID: 0
  m_SortingOrder: 0
  m_Sprite: {fileID: 21300000, guid: 101040c482b39a14d99d4c6bdbefec79, type: 3}
  m_Color: {r: 1, g: 1, b: 1, a: 1}
--- !u!4 &1632222907
Transform:
  m_ObjectHideFlags: 0
  m_PrefabParentObject: {fileID: 415558, guid: bc62fe4fc1cf249478f334650ec62526, type: 2}
  m_PrefabInternal: {fileID: 2127914019}
  m_GameObject: {fileID: 1632222902}
  m_LocalRotation: {x: 0, y: 0, z: 0, w: 1}
  m_LocalPosition: {x: -2.85899997, y: .119000003, z: 0}
  m_LocalScale: {x: 1, y: 1, z: 1}
  m_Children: []
  m_Father: {fileID: 0}
  m_RootOrder: 4
--- !u!1 &1674807480
GameObject:
  m_ObjectHideFlags: 0
  m_PrefabParentObject: {fileID: 131182, guid: 03526ce453ff13d4d92a769fae9c882b, type: 2}
  m_PrefabInternal: {fileID: 1837207737}
  serializedVersion: 4
  m_Component:
  - 4: {fileID: 1674807481}
  - 212: {fileID: 1674807484}
  - 61: {fileID: 1674807483}
  - 50: {fileID: 1674807482}
  m_Layer: 0
  m_Name: Platform
  m_TagString: Platform
  m_Icon: {fileID: 0}
  m_NavMeshLayer: 0
  m_StaticEditorFlags: 0
  m_IsActive: 1
--- !u!4 &1674807481
Transform:
  m_ObjectHideFlags: 0
  m_PrefabParentObject: {fileID: 431182, guid: 03526ce453ff13d4d92a769fae9c882b, type: 2}
  m_PrefabInternal: {fileID: 1837207737}
  m_GameObject: {fileID: 1674807480}
  m_LocalRotation: {x: 0, y: 0, z: 0, w: 1}
  m_LocalPosition: {x: -1.2882297, y: -2.13612795, z: 0}
  m_LocalScale: {x: 1, y: 1, z: 1}
  m_Children:
  - {fileID: 341635164}
  - {fileID: 1284381497}
  m_Father: {fileID: 0}
  m_RootOrder: 0
--- !u!50 &1674807482
Rigidbody2D:
  m_ObjectHideFlags: 0
  m_PrefabParentObject: {fileID: 5031178, guid: 03526ce453ff13d4d92a769fae9c882b,
    type: 2}
  m_PrefabInternal: {fileID: 1837207737}
  m_GameObject: {fileID: 1674807480}
  m_Mass: 1
  m_LinearDrag: 0
  m_AngularDrag: .0500000007
  m_GravityScale: 0
  m_FixedAngle: 1
  m_IsKinematic: 1
  m_Interpolate: 0
  m_SleepingMode: 1
  m_CollisionDetection: 0
--- !u!61 &1674807483
BoxCollider2D:
  m_ObjectHideFlags: 0
  m_PrefabParentObject: {fileID: 6131182, guid: 03526ce453ff13d4d92a769fae9c882b,
    type: 2}
  m_PrefabInternal: {fileID: 1837207737}
  m_GameObject: {fileID: 1674807480}
  m_Enabled: 1
  m_Material: {fileID: 0}
  m_IsTrigger: 0
  m_Size: {x: 1, y: .25}
  m_Center: {x: 0, y: 0}
--- !u!212 &1674807484
SpriteRenderer:
  m_ObjectHideFlags: 0
  m_PrefabParentObject: {fileID: 21231178, guid: 03526ce453ff13d4d92a769fae9c882b,
    type: 2}
  m_PrefabInternal: {fileID: 1837207737}
  m_GameObject: {fileID: 1674807480}
  m_Enabled: 1
  m_CastShadows: 0
  m_ReceiveShadows: 0
  m_LightmapIndex: 255
  m_LightmapTilingOffset: {x: 1, y: 1, z: 0, w: 0}
  m_Materials:
  - {fileID: 10754, guid: 0000000000000000e000000000000000, type: 0}
  m_SubsetIndices: 
  m_StaticBatchRoot: {fileID: 0}
  m_UseLightProbes: 0
  m_LightProbeAnchor: {fileID: 0}
  m_ScaleInLightmap: 1
  m_SortingLayerID: 0
  m_SortingOrder: 0
  m_Sprite: {fileID: 21300000, guid: 0215103acecc3804bbf7f1848d3623b9, type: 3}
  m_Color: {r: 1, g: 1, b: 1, a: 1}
--- !u!1001 &1689550677
Prefab:
  m_ObjectHideFlags: 0
  serializedVersion: 2
  m_Modification:
    m_TransformParent: {fileID: 0}
    m_Modifications:
    - target: {fileID: 492572, guid: f68a7af552d10764580f9424476d9e56, type: 2}
      propertyPath: m_LocalPosition.x
      value: .771475196
      objectReference: {fileID: 0}
    - target: {fileID: 492572, guid: f68a7af552d10764580f9424476d9e56, type: 2}
      propertyPath: m_LocalPosition.y
      value: 1.74692214
      objectReference: {fileID: 0}
    - target: {fileID: 492572, guid: f68a7af552d10764580f9424476d9e56, type: 2}
      propertyPath: m_LocalPosition.z
      value: .03125
      objectReference: {fileID: 0}
    - target: {fileID: 492572, guid: f68a7af552d10764580f9424476d9e56, type: 2}
      propertyPath: m_LocalRotation.x
      value: 0
      objectReference: {fileID: 0}
    - target: {fileID: 492572, guid: f68a7af552d10764580f9424476d9e56, type: 2}
      propertyPath: m_LocalRotation.y
      value: 0
      objectReference: {fileID: 0}
    - target: {fileID: 492572, guid: f68a7af552d10764580f9424476d9e56, type: 2}
      propertyPath: m_LocalRotation.z
      value: 0
      objectReference: {fileID: 0}
    - target: {fileID: 492572, guid: f68a7af552d10764580f9424476d9e56, type: 2}
      propertyPath: m_LocalRotation.w
      value: 1
      objectReference: {fileID: 0}
    - target: {fileID: 492572, guid: f68a7af552d10764580f9424476d9e56, type: 2}
      propertyPath: m_RootOrder
      value: 5
      objectReference: {fileID: 0}
    - target: {fileID: 11492572, guid: f68a7af552d10764580f9424476d9e56, type: 2}
      propertyPath: splatTexture
      value: 
      objectReference: {fileID: 123902, guid: 739d514dbe370ac40bede4e7b42eaa98, type: 2}
    m_RemovedComponents: []
  m_ParentPrefab: {fileID: 100100000, guid: f68a7af552d10764580f9424476d9e56, type: 2}
  m_RootGameObject: {fileID: 893331652}
  m_IsPrefabParent: 0
  m_IsExploded: 1
--- !u!1 &1733686723
GameObject:
  m_ObjectHideFlags: 0
  m_PrefabParentObject: {fileID: 131182, guid: 03526ce453ff13d4d92a769fae9c882b, type: 2}
  m_PrefabInternal: {fileID: 485722888}
  serializedVersion: 4
  m_Component:
  - 4: {fileID: 1733686724}
  - 212: {fileID: 1733686727}
  - 61: {fileID: 1733686726}
  - 50: {fileID: 1733686725}
  m_Layer: 0
  m_Name: Platform
  m_TagString: Platform
  m_Icon: {fileID: 0}
  m_NavMeshLayer: 0
  m_StaticEditorFlags: 0
  m_IsActive: 1
--- !u!4 &1733686724
Transform:
  m_ObjectHideFlags: 0
  m_PrefabParentObject: {fileID: 431182, guid: 03526ce453ff13d4d92a769fae9c882b, type: 2}
  m_PrefabInternal: {fileID: 485722888}
  m_GameObject: {fileID: 1733686723}
  m_LocalRotation: {x: 0, y: 0, z: 0, w: 1}
  m_LocalPosition: {x: -5.54270172, y: -1.79847145, z: 0}
  m_LocalScale: {x: 1, y: 1, z: 1}
  m_Children:
  - {fileID: 1597532258}
  - {fileID: 693693540}
  m_Father: {fileID: 0}
  m_RootOrder: 3
--- !u!50 &1733686725
Rigidbody2D:
  m_ObjectHideFlags: 0
  m_PrefabParentObject: {fileID: 5031178, guid: 03526ce453ff13d4d92a769fae9c882b,
    type: 2}
  m_PrefabInternal: {fileID: 485722888}
  m_GameObject: {fileID: 1733686723}
  m_Mass: 1
  m_LinearDrag: 0
  m_AngularDrag: .0500000007
  m_GravityScale: 0
  m_FixedAngle: 1
  m_IsKinematic: 1
  m_Interpolate: 0
  m_SleepingMode: 1
  m_CollisionDetection: 0
--- !u!61 &1733686726
BoxCollider2D:
  m_ObjectHideFlags: 0
  m_PrefabParentObject: {fileID: 6131182, guid: 03526ce453ff13d4d92a769fae9c882b,
    type: 2}
  m_PrefabInternal: {fileID: 485722888}
  m_GameObject: {fileID: 1733686723}
  m_Enabled: 1
  m_Material: {fileID: 0}
  m_IsTrigger: 0
  m_Size: {x: 1, y: .25}
  m_Center: {x: 0, y: 0}
--- !u!212 &1733686727
SpriteRenderer:
  m_ObjectHideFlags: 0
  m_PrefabParentObject: {fileID: 21231178, guid: 03526ce453ff13d4d92a769fae9c882b,
    type: 2}
  m_PrefabInternal: {fileID: 485722888}
  m_GameObject: {fileID: 1733686723}
  m_Enabled: 1
  m_CastShadows: 0
  m_ReceiveShadows: 0
  m_LightmapIndex: 255
  m_LightmapTilingOffset: {x: 1, y: 1, z: 0, w: 0}
  m_Materials:
  - {fileID: 10754, guid: 0000000000000000e000000000000000, type: 0}
  m_SubsetIndices: 
  m_StaticBatchRoot: {fileID: 0}
  m_UseLightProbes: 0
  m_LightProbeAnchor: {fileID: 0}
  m_ScaleInLightmap: 1
  m_SortingLayerID: 0
  m_SortingOrder: 0
  m_Sprite: {fileID: 21300000, guid: 0215103acecc3804bbf7f1848d3623b9, type: 3}
  m_Color: {r: 1, g: 1, b: 1, a: 1}
--- !u!1001 &1837207737
Prefab:
  m_ObjectHideFlags: 0
  serializedVersion: 2
  m_Modification:
    m_TransformParent: {fileID: 0}
    m_Modifications:
    - target: {fileID: 431182, guid: 03526ce453ff13d4d92a769fae9c882b, type: 2}
      propertyPath: m_LocalPosition.x
      value: -1.2882297
      objectReference: {fileID: 0}
    - target: {fileID: 431182, guid: 03526ce453ff13d4d92a769fae9c882b, type: 2}
      propertyPath: m_LocalPosition.y
      value: -2.13612795
      objectReference: {fileID: 0}
    - target: {fileID: 431182, guid: 03526ce453ff13d4d92a769fae9c882b, type: 2}
      propertyPath: m_LocalPosition.z
      value: 0
      objectReference: {fileID: 0}
    - target: {fileID: 431182, guid: 03526ce453ff13d4d92a769fae9c882b, type: 2}
      propertyPath: m_LocalRotation.x
      value: 0
      objectReference: {fileID: 0}
    - target: {fileID: 431182, guid: 03526ce453ff13d4d92a769fae9c882b, type: 2}
      propertyPath: m_LocalRotation.y
      value: 0
      objectReference: {fileID: 0}
    - target: {fileID: 431182, guid: 03526ce453ff13d4d92a769fae9c882b, type: 2}
      propertyPath: m_LocalRotation.z
      value: 0
      objectReference: {fileID: 0}
    - target: {fileID: 431182, guid: 03526ce453ff13d4d92a769fae9c882b, type: 2}
      propertyPath: m_LocalRotation.w
      value: 1
      objectReference: {fileID: 0}
    - target: {fileID: 431182, guid: 03526ce453ff13d4d92a769fae9c882b, type: 2}
      propertyPath: m_RootOrder
      value: 0
      objectReference: {fileID: 0}
    m_RemovedComponents: []
  m_ParentPrefab: {fileID: 100100000, guid: 03526ce453ff13d4d92a769fae9c882b, type: 2}
  m_RootGameObject: {fileID: 1674807480}
  m_IsPrefabParent: 0
  m_IsExploded: 1
--- !u!1 &2004301468
GameObject:
  m_ObjectHideFlags: 0
  m_PrefabParentObject: {fileID: 131178, guid: 03526ce453ff13d4d92a769fae9c882b, type: 2}
  m_PrefabInternal: {fileID: 900571536}
  serializedVersion: 4
  m_Component:
  - 4: {fileID: 2004301469}
  - 61: {fileID: 2004301471}
  - 114: {fileID: 2004301470}
  m_Layer: 0
  m_Name: PaintTrigger
  m_TagString: Untagged
  m_Icon: {fileID: 0}
  m_NavMeshLayer: 0
  m_StaticEditorFlags: 0
  m_IsActive: 1
--- !u!4 &2004301469
Transform:
  m_ObjectHideFlags: 0
  m_PrefabParentObject: {fileID: 431178, guid: 03526ce453ff13d4d92a769fae9c882b, type: 2}
  m_PrefabInternal: {fileID: 900571536}
  m_GameObject: {fileID: 2004301468}
  m_LocalRotation: {x: 0, y: 0, z: 0, w: 1}
  m_LocalPosition: {x: 0, y: 0, z: 0}
  m_LocalScale: {x: 1, y: 1, z: 1}
  m_Children: []
  m_Father: {fileID: 343376410}
  m_RootOrder: 1
--- !u!114 &2004301470
MonoBehaviour:
  m_ObjectHideFlags: 0
  m_PrefabParentObject: {fileID: 11431178, guid: 03526ce453ff13d4d92a769fae9c882b,
    type: 2}
  m_PrefabInternal: {fileID: 900571536}
  m_GameObject: {fileID: 2004301468}
  m_Enabled: 1
  m_EditorHideFlags: 0
  m_Script: {fileID: 11500000, guid: 4fa296a4411ad6b41ab852bbefe50ff2, type: 3}
  m_Name: 
  m_EditorClassIdentifier: 
  splatTexture: {fileID: 123902, guid: 739d514dbe370ac40bede4e7b42eaa98, type: 2}
--- !u!61 &2004301471
BoxCollider2D:
  m_ObjectHideFlags: 0
  m_PrefabParentObject: {fileID: 6131178, guid: 03526ce453ff13d4d92a769fae9c882b,
    type: 2}
  m_PrefabInternal: {fileID: 900571536}
  m_GameObject: {fileID: 2004301468}
  m_Enabled: 1
  m_Material: {fileID: 0}
  m_IsTrigger: 1
  m_Size: {x: 1, y: .284398556}
  m_Center: {x: 0, y: .00441718102}
--- !u!1 &2065700239
GameObject:
  m_ObjectHideFlags: 0
  m_PrefabParentObject: {fileID: 131180, guid: 03526ce453ff13d4d92a769fae9c882b, type: 2}
  m_PrefabInternal: {fileID: 900571536}
  serializedVersion: 4
  m_Component:
  - 4: {fileID: 2065700240}
  - 61: {fileID: 2065700242}
  - 114: {fileID: 2065700241}
  m_Layer: 0
  m_Name: PlayerTrigger
  m_TagString: Untagged
  m_Icon: {fileID: 0}
  m_NavMeshLayer: 0
  m_StaticEditorFlags: 0
  m_IsActive: 1
--- !u!4 &2065700240
Transform:
  m_ObjectHideFlags: 0
  m_PrefabParentObject: {fileID: 431180, guid: 03526ce453ff13d4d92a769fae9c882b, type: 2}
  m_PrefabInternal: {fileID: 900571536}
  m_GameObject: {fileID: 2065700239}
  m_LocalRotation: {x: 0, y: 0, z: 0, w: 1}
  m_LocalPosition: {x: 0, y: -.0460000001, z: 0}
  m_LocalScale: {x: 1.0625, y: .250000238, z: 1}
  m_Children: []
  m_Father: {fileID: 343376410}
  m_RootOrder: 0
--- !u!114 &2065700241
MonoBehaviour:
  m_ObjectHideFlags: 0
  m_PrefabParentObject: {fileID: 11431180, guid: 03526ce453ff13d4d92a769fae9c882b,
    type: 2}
  m_PrefabInternal: {fileID: 900571536}
  m_GameObject: {fileID: 2065700239}
  m_Enabled: 1
  m_EditorHideFlags: 0
  m_Script: {fileID: 11500000, guid: d2e9bca2f8c465143959dc89726e79a0, type: 3}
  m_Name: 
  m_EditorClassIdentifier: 
--- !u!61 &2065700242
BoxCollider2D:
  m_ObjectHideFlags: 0
  m_PrefabParentObject: {fileID: 6131180, guid: 03526ce453ff13d4d92a769fae9c882b,
    type: 2}
  m_PrefabInternal: {fileID: 900571536}
  m_GameObject: {fileID: 2065700239}
  m_Enabled: 1
  m_Material: {fileID: 0}
  m_IsTrigger: 1
  m_Size: {x: 1.13303828, y: 1.24736762}
  m_Center: {x: -.0083149178, y: -.123683825}
--- !u!1 &2075328634
GameObject:
  m_ObjectHideFlags: 0
  m_PrefabParentObject: {fileID: 131182, guid: 03526ce453ff13d4d92a769fae9c882b, type: 2}
  m_PrefabInternal: {fileID: 770396778}
  serializedVersion: 4
  m_Component:
  - 4: {fileID: 2075328635}
  - 212: {fileID: 2075328638}
  - 61: {fileID: 2075328637}
  - 50: {fileID: 2075328636}
  m_Layer: 0
  m_Name: Platform
  m_TagString: Platform
  m_Icon: {fileID: 0}
  m_NavMeshLayer: 0
  m_StaticEditorFlags: 0
  m_IsActive: 1
--- !u!4 &2075328635
Transform:
  m_ObjectHideFlags: 0
  m_PrefabParentObject: {fileID: 431182, guid: 03526ce453ff13d4d92a769fae9c882b, type: 2}
  m_PrefabInternal: {fileID: 770396778}
  m_GameObject: {fileID: 2075328634}
  m_LocalRotation: {x: 0, y: 0, z: 0, w: 1}
  m_LocalPosition: {x: .771475136, y: -1.89976859, z: 0}
  m_LocalScale: {x: 1, y: 1, z: 1}
  m_Children:
  - {fileID: 73059844}
  - {fileID: 418605634}
  m_Father: {fileID: 0}
  m_RootOrder: 2
--- !u!50 &2075328636
Rigidbody2D:
  m_ObjectHideFlags: 0
  m_PrefabParentObject: {fileID: 5031178, guid: 03526ce453ff13d4d92a769fae9c882b,
    type: 2}
  m_PrefabInternal: {fileID: 770396778}
  m_GameObject: {fileID: 2075328634}
  m_Mass: 1
  m_LinearDrag: 0
  m_AngularDrag: .0500000007
  m_GravityScale: 0
  m_FixedAngle: 1
  m_IsKinematic: 1
  m_Interpolate: 0
  m_SleepingMode: 1
  m_CollisionDetection: 0
--- !u!61 &2075328637
BoxCollider2D:
  m_ObjectHideFlags: 0
  m_PrefabParentObject: {fileID: 6131182, guid: 03526ce453ff13d4d92a769fae9c882b,
    type: 2}
  m_PrefabInternal: {fileID: 770396778}
  m_GameObject: {fileID: 2075328634}
  m_Enabled: 1
  m_Material: {fileID: 0}
  m_IsTrigger: 0
  m_Size: {x: 1, y: .25}
  m_Center: {x: 0, y: 0}
--- !u!212 &2075328638
SpriteRenderer:
  m_ObjectHideFlags: 0
  m_PrefabParentObject: {fileID: 21231178, guid: 03526ce453ff13d4d92a769fae9c882b,
    type: 2}
  m_PrefabInternal: {fileID: 770396778}
  m_GameObject: {fileID: 2075328634}
  m_Enabled: 1
  m_CastShadows: 0
  m_ReceiveShadows: 0
  m_LightmapIndex: 255
  m_LightmapTilingOffset: {x: 1, y: 1, z: 0, w: 0}
  m_Materials:
  - {fileID: 10754, guid: 0000000000000000e000000000000000, type: 0}
  m_SubsetIndices: 
  m_StaticBatchRoot: {fileID: 0}
  m_UseLightProbes: 0
  m_LightProbeAnchor: {fileID: 0}
  m_ScaleInLightmap: 1
  m_SortingLayerID: 0
  m_SortingOrder: 0
  m_Sprite: {fileID: 21300000, guid: 0215103acecc3804bbf7f1848d3623b9, type: 3}
  m_Color: {r: 1, g: 1, b: 1, a: 1}
--- !u!1001 &2127914019
Prefab:
  m_ObjectHideFlags: 0
  serializedVersion: 2
  m_Modification:
    m_TransformParent: {fileID: 0}
    m_Modifications:
    - target: {fileID: 415558, guid: bc62fe4fc1cf249478f334650ec62526, type: 2}
      propertyPath: m_LocalPosition.x
      value: -2.85899997
      objectReference: {fileID: 0}
    - target: {fileID: 415558, guid: bc62fe4fc1cf249478f334650ec62526, type: 2}
      propertyPath: m_LocalPosition.y
      value: .119000003
      objectReference: {fileID: 0}
    - target: {fileID: 415558, guid: bc62fe4fc1cf249478f334650ec62526, type: 2}
      propertyPath: m_LocalPosition.z
      value: 0
      objectReference: {fileID: 0}
    - target: {fileID: 415558, guid: bc62fe4fc1cf249478f334650ec62526, type: 2}
      propertyPath: m_LocalRotation.x
      value: 0
      objectReference: {fileID: 0}
    - target: {fileID: 415558, guid: bc62fe4fc1cf249478f334650ec62526, type: 2}
      propertyPath: m_LocalRotation.y
      value: 0
      objectReference: {fileID: 0}
    - target: {fileID: 415558, guid: bc62fe4fc1cf249478f334650ec62526, type: 2}
      propertyPath: m_LocalRotation.z
      value: 0
      objectReference: {fileID: 0}
    - target: {fileID: 415558, guid: bc62fe4fc1cf249478f334650ec62526, type: 2}
      propertyPath: m_LocalRotation.w
      value: 1
      objectReference: {fileID: 0}
    - target: {fileID: 415558, guid: bc62fe4fc1cf249478f334650ec62526, type: 2}
      propertyPath: m_RootOrder
      value: 1
      objectReference: {fileID: 0}
    m_RemovedComponents: []
  m_ParentPrefab: {fileID: 100100000, guid: bc62fe4fc1cf249478f334650ec62526, type: 2}
  m_RootGameObject: {fileID: 1632222902}
  m_IsPrefabParent: 0
  m_IsExploded: 1
